
@MISC{Cooper_asimple,
    author = {Keith D. Cooper and Timothy J. Harvey and Ken Kennedy},
    title = {A Simple, Fast Dominance Algorithm},
    year = {}
}